<?xml version="1.0" encoding="UTF-8"?><collection xmlns="http://www.loc.gov/MARC21/slim"><record><leader>00516nam--2200169-i-4500</leader><controlfield tag="001">000041826</controlfield><controlfield tag="002">20161230</controlfield><controlfield tag="005">20161230201043</controlfield><controlfield tag="008">060222s1000------------r-----000-0-eng-d</controlfield><datafield ind1=" " ind2=" " tag="040"><subfield code="a">IFIN-HH</subfield></datafield><datafield ind1=" " ind2=" " tag="080"><subfield code="a">530.145:538.915:539.194</subfield></datafield><datafield ind1="1" ind2=" " tag="100"><subfield code="a">Slater,John C</subfield></datafield><datafield ind1="1" ind2="0" tag="245"><subfield code="a">Quantum theory of molecules and solids:</subfield><subfield code="b">Vol.3: insulators, semiconductors and metals</subfield><subfield code="c">John c. slater</subfield></datafield><datafield ind1=" " ind2=" " tag="260"><subfield code="a">New York</subfield><subfield code="b">Mcgraw-hill Book Company, Inc</subfield><subfield code="c">1967</subfield></datafield><datafield ind1=" " ind2=" " tag="300"><subfield code="a">XIV+594 P</subfield></datafield><datafield ind1=" " ind2=" " tag="852"><subfield code="a">18577</subfield><subfield code="c">539.2</subfield></datafield><datafield ind1=" " ind2=" " tag="CAT"><subfield code="a">Sys</subfield><subfield code="c">20121005</subfield><subfield code="h">130931</subfield></datafield></record></collection>